%intro
@article{sueur2012global,
  title={Global estimation of animal diversity using automatic acoustic sensors},
  author={Sueur, J{\'e}r{\^o}me and Gasc, Amandine and Grandcolas, Philippe and Pavoine, Sandrine},
  journal={Sensors for ecology. Paris: CNRS},
  pages={99--117},
  year={2012}
}

@article{mellinger2007overview,
  title={An overview of fixed passive acoustic observation methods for cetaceans},
  author={Mellinger, David K and Stafford, Kathleen M and Moore, Sue E and Dziak, Robert P and Matsumoto, Haru},
  journal={Oceanography},
  volume={20},
  number={4},
  pages={36--45},
  year={2007},
  publisher={JSTOR}
}
@article{soga2014land,
  title={Land sharing vs. land sparing: does the compact city reconcile urban development and biodiversity conservation?},
  author={Soga, Masashi and Yamaura, Yuichi and Koike, Shinsuke and Gaston, Kevin J},
  journal={Journal of Applied Ecology},
  volume={51},
  number={5},
  pages={1378--1386},
  year={2014},
  publisher={Wiley Online Library}
}
@article{wright2006uncertain,
  title={The Uncertain Future of Tropical Forest Species 1},
  author={Wright, S Joseph and Muller-Landau, Helene C},
  journal={Biotropica},
  volume={38},
  number={4},
  pages={443--445},
  year={2006},
  publisher={Wiley Online Library}
}
@article{stevenson2015general,
  title={A general framework for animal density estimation from acoustic detections across a fixed microphone array},
  author={Stevenson, Ben C and Borchers, David L and Altwegg, Res and Swift, Ren{\'e} J and Gillespie, Douglas M and Measey, G John},
  journal={Methods in Ecology and Evolution},
  volume={6},
  number={1},
  pages={38--48},
  year={2015},
  publisher={Wiley Online Library}
}
@incollection{green1979analysis,
  title={The analysis of animal communication},
  author={Green, Steven and Marler, Peter},
  booktitle={Social behavior and communication},
  pages={73--158},
  year={1979},
  publisher={Springer}
}
@article{seyfarth2003signalers,
  title={Signalers and receivers in animal communication},
  author={Seyfarth, Robert M and Cheney, Dorothy L},
  journal={Annual review of psychology},
  volume={54},
  number={1},
  pages={145--173},
  year={2003},
  publisher={Annual Reviews 4139 El Camino Way, PO Box 10139, Palo Alto, CA 94303-0139, USA}
}

@article{kalan2015towards,
  title={Towards the automated detection and occupancy estimation of primates using passive acoustic monitoring},
  author={Kalan, Ammie K and Mundry, Roger and Wagner, Oliver JJ and Heinicke, Stefanie and Boesch, Christophe and K{\"u}hl, Hjalmar S},
  journal={Ecological Indicators},
  volume={54},
  pages={217--226},
  year={2015},
  publisher={Elsevier}
}
@article{hill2018audiomoth,
  title={AudioMoth: Evaluation of a smart open acoustic device for monitoring biodiversity and the environment},
  author={Hill, Andrew P and Prince, Peter and Pi{\~n}a Covarrubias, Evelyn and Doncaster, C Patrick and Snaddon, Jake L and Rogers, Alex},
  journal={Methods in Ecology and Evolution},
  volume={9},
  number={5},
  pages={1199--1211},
  year={2018},
  publisher={Wiley Online Library}
}
@article{alldredge2007time,
  title={Time-of-detection method for estimating abundance from point-count surveys},
  author={Alldredge, Mathew W and Pollock, Kenneth H and Simons, Theodore R and Collazo, Jaime A and Shriner, Susan A},
  journal={The Auk},
  volume={124},
  number={2},
  pages={653--664},
  year={2007},
  publisher={Oxford University Press}
}
@article{Villanueva-RiveraLuisJ.2012PAWM,
issn = {0012-9623},
journal = {Bulletin of the Ecological Society of America},
pages = {71--81},
volume = {93},
publisher = {The Ecological Society of America},
number = {1},
year = {2012},
title = {Pumilio: A Web‚ÄêBased Management System for Ecological Recordings},
author = {Villanueva - Rivera, Luis J. and Pijanowski, Bryan C.},
keywords = {Ecology;},
}
@article{digby2013practical,
  title={A practical comparison of manual and autonomous methods for acoustic monitoring},
  author={Digby, Andrew and Towsey, Michael and Bell, Ben D and Teal, Paul D},
  journal={Methods in Ecology and Evolution},
  volume={4},
  number={7},
  pages={675--683},
  year={2013},
  publisher={Wiley Online Library}
}
@article{sun2009classification,
  title={Classification of imbalanced data: A review},
  author={Sun, Yanmin and Wong, Andrew KC and Kamel, Mohamed S},
  journal={International Journal of Pattern Recognition and Artificial Intelligence},
  volume={23},
  number={04},
  pages={687--719},
  year={2009},
  publisher={World Scientific}
}
@article{lecun2015deep,
  title={Deep learning},
  author={LeCun, Yann and Bengio, Yoshua and Hinton, Geoffrey},
  journal={nature},
  volume={521},
  number={7553},
  pages={436},
  year={2015},
  publisher={Nature Publishing Group}
}
@article{chen2014big,
  title={Big data deep learning: challenges and perspectives},
  author={Chen, Xue-Wen and Lin, Xiaotong},
  journal={IEEE access},
  volume={2},
  pages={514--525},
  year={2014},
  publisher={Ieee}
}
@article{zhang2018survey,
  title={A survey on deep learning for big data},
  author={Zhang, Qingchen and Yang, Laurence T and Chen, Zhikui and Li, Peng},
  journal={Information Fusion},
  volume={42},
  pages={146--157},
  year={2018},
  publisher={Elsevier}
}
@inproceedings{bao2018scalable,
  title={Scalable Cloud Service For Multimedia Analysis Based on Deep Learning},
  author={Bao, Bing-Kun and Xiang, Yangyang and Li, Lusong and Lyu, Shuen and Munshi, Harsh and Zhu, Honghong},
  booktitle={2018 IEEE International Conference on Multimedia \& Expo Workshops (ICMEW)},
  pages={1--4},
  year={2018},
  organization={IEEE}
}
@inproceedings{xu2015discriminative,
  title={A discriminative CNN video representation for event detection},
  author={Xu, Zhongwen and Yang, Yi and Hauptmann, Alex G},
  booktitle={Proceedings of the IEEE Conference on Computer Vision and Pattern Recognition},
  pages={1798--1807},
  year={2015}
}
@inproceedings{girshick2015fast,
  title={Fast r-cnn},
  author={Girshick, Ross},
  booktitle={Proceedings of the IEEE international conference on computer vision},
  pages={1440--1448},
  year={2015}
}
@inproceedings{parkhi2015deep,
  title={Deep face recognition.},
  author={Parkhi, Omkar M and Vedaldi, Andrea and Zisserman, Andrew and others},
  booktitle={bmvc},
  volume={1},
  number={3},
  pages={6},
  year={2015}
}
@inproceedings{lee2009unsupervised,
  title={Unsupervised feature learning for audio classification using convolutional deep belief networks},
  author={Lee, Honglak and Pham, Peter and Largman, Yan and Ng, Andrew Y},
  booktitle={Advances in neural information processing systems},
  pages={1096--1104},
  year={2009}
}
@inproceedings{krizhevsky2012imagenet,
  title={Imagenet classification with deep convolutional neural networks},
  author={Krizhevsky, Alex and Sutskever, Ilya and Hinton, Geoffrey E},
  booktitle={Advances in neural information processing systems},
  pages={1097--1105},
  year={2012}
}
@inproceedings{he2016deep,
  title={Deep residual learning for image recognition},
  author={He, Kaiming and Zhang, Xiangyu and Ren, Shaoqing and Sun, Jian},
  booktitle={Proceedings of the IEEE conference on computer vision and pattern recognition},
  pages={770--778},
  year={2016}
}
@article{simonyan2014very,
  title={Very deep convolutional networks for large-scale image recognition},
  author={Simonyan, Karen and Zisserman, Andrew},
  journal={arXiv preprint arXiv:1409.1556},
  year={2014}
}
@inproceedings{43022,
title = {Going Deeper with Convolutions},
author  = {Christian Szegedy and Wei Liu and Yangqing Jia and Pierre Sermanet and Scott Reed and Dragomir Anguelov and Dumitru Erhan and Vincent Vanhoucke and Andrew Rabinovich},
year  = {2015},
URL = {http://arxiv.org/abs/1409.4842},
booktitle = {Computer Vision and Pattern Recognition (CVPR)}
}
%background
@article{welch1967use,
  title={The use of fast Fourier transform for the estimation of power spectra: a method based on time averaging over short, modified periodograms},
  author={Welch, Peter},
  journal={IEEE Transactions on audio and electroacoustics},
  volume={15},
  number={2},
  pages={70--73},
  year={1967},
  publisher={IEEE}
}
@article{davis1980comparison,
  title={Comparison of parametric representations for monosyllabic word recognition in continuously spoken sentences},
  author={Davis, Steven and Mermelstein, Paul},
  journal={IEEE transactions on acoustics, speech, and signal processing},
  volume={28},
  number={4},
  pages={357--366},
  year={1980},
  publisher={IEEE}
}
@inproceedings{lippens2004comparison,
  title={A comparison of human and automatic musical genre classification},
  author={Lippens, Stefaan and Martens, Jean-Pierre and De Mulder, Tom},
  booktitle={2004 IEEE international conference on acoustics, speech, and signal processing},
  volume={4},
  pages={iv--iv},
  year={2004},
  organization={IEEE}
}
@article{bedoya2014automatic,
  title={Automatic recognition of anuran species based on syllable identification},
  author={Bedoya, Carol and Isaza, Claudia and Daza, Juan M and L{\'o}pez, Jos{\'e} D},
  journal={Ecological Informatics},
  volume={24},
  pages={200--209},
  year={2014},
  publisher={Elsevier}
}
@article{huzaifah2017comparison,
  title={Comparison of time-frequency representations for environmental sound classification using convolutional neural networks},
  author={Huzaifah, Muhammad},
  journal={arXiv preprint arXiv:1706.07156},
  year={2017}
}
@article{choi2016automatic,
  title={Automatic tagging using deep convolutional neural networks},
  author={Choi, Keunwoo and Fazekas, George and Sandler, Mark},
  journal={arXiv preprint arXiv:1606.00298},
  year={2016}
}
@inproceedings{clemins2003application,
  title={Application of speech recognition to African elephant (Loxodonta Africana) vocalizations},
  author={Clemins, Patrick J and Johnson, Michael T},
  booktitle={2003 IEEE International Conference on Acoustics, Speech, and Signal Processing, 2003. Proceedings.(ICASSP'03).},
  volume={1},
  pages={I--I},
  year={2003},
  organization={IEEE}
}
@inproceedings{cakir2017convolutional,
  title={Convolutional recurrent neural networks for bird audio detection},
  author={Cakir, Emre and Adavanne, Sharath and Parascandolo, Giambattista and Drossos, Konstantinos and Virtanen, Tuomas},
  booktitle={2017 25th European Signal Processing Conference (EUSIPCO)},
  pages={1744--1748},
  year={2017},
  organization={IEEE}
}
@article{zhao2017automated,
  title={Automated bird acoustic event detection and robust species classification},
  author={Zhao, Zhao and Zhang, Sai-hua and Xu, Zhi-yong and Bellisario, Kristen and Dai, Nian-hua and Omrani, Hichem and Pijanowski, Bryan C},
  journal={Ecological Informatics},
  volume={39},
  pages={99--108},
  year={2017},
  publisher={Elsevier}
}
@inproceedings{le2011insect,
  title={Insect sound recognition based on mfcc and pnn},
  author={Le-Qing, Zhu},
  booktitle={2011 International Conference on Multimedia and Signal Processing},
  volume={2},
  pages={42--46},
  year={2011},
  organization={IEEE}
}
@article{rabiner1989tutorial,
  title={A tutorial on hidden Markov models and selected applications in speech recognition},
  author={Rabiner, Lawrence R},
  journal={Proceedings of the IEEE},
  volume={77},
  number={2},
  pages={257--286},
  year={1989},
  publisher={Ieee}
}
@article{trifa2008automated,
  title={Automated species recognition of antbirds in a Mexican rainforest using hidden Markov models},
  author={Trifa, Vlad M and Kirschel, Alexander NG and Taylor, Charles E and Vallejo, Edgar E},
  journal={The Journal of the Acoustical Society of America},
  volume={123},
  number={4},
  pages={2424--2431},
  year={2008},
  publisher={ASA}
}
@article{brown2009hidden,
  title={Hidden Markov and Gaussian mixture models for automatic call classification},
  author={Brown, Judith C and Smaragdis, Paris},
  journal={The Journal of the Acoustical Society of America},
  volume={125},
  number={6},
  pages={EL221--EL224},
  year={2009},
  publisher={ASA}
}
@inproceedings{sercu2016very,
  title={Very deep multilingual convolutional neural networks for LVCSR},
  author={Sercu, Tom and Puhrsch, Christian and Kingsbury, Brian and LeCun, Yann},
  booktitle={2016 IEEE International Conference on Acoustics, Speech and Signal Processing (ICASSP)},
  pages={4955--4959},
  year={2016},
  organization={IEEE}
}
@article{takahashi2016deep,
  title={Deep convolutional neural networks and data augmentation for acoustic event detection},
  author={Takahashi, Naoya and Gygli, Michael and Pfister, Beat and Van Gool, Luc},
  journal={arXiv preprint arXiv:1604.07160},
  year={2016}
}
@INPROCEEDINGS{8081512, 
author={T. {Grill} and J. {Schl√ºter}}, 
booktitle={2017 25th European Signal Processing Conference (EUSIPCO)}, 
title={Two convolutional neural networks for bird detection in audio signals}, 
year={2017}, 
volume={}, 
number={}, 
pages={1764-1768}, 
keywords={audio recording;audio signal processing;feature extraction;learning (artificial intelligence);neural nets;convolutional neural networks;bird detection;audio signals;bird calls;audio recordings;mel spectrograms;environmental recordings;supervised training;area under curve measure;AUC measure;Birds;Training;Spectrogram;Convolution;Training data;Computer architecture}, 
doi={10.23919/EUSIPCO.2017.8081512}, 
ISSN={2076-1465}, 
month={Aug},}

@article{ephraim1985speech,
  title={Speech enhancement using a minimum mean-square error log-spectral amplitude estimator},
  author={Ephraim, Yariv and Malah, David},
  journal={IEEE transactions on acoustics, speech, and signal processing},
  volume={33},
  number={2},
  pages={443--445},
  year={1985},
  publisher={IEEE}
}
@article{aide2013real,
  title={Real-time bioacoustics monitoring and automated species identification},
  author={Aide, T Mitchell and Corrada-Bravo, Carlos and Campos-Cerqueira, Marconi and Milan, Carlos and Vega, Giovany and Alvarez, Rafael},
  journal={PeerJ},
  volume={1},
  pages={e103},
  year={2013},
  publisher={PeerJ Inc.}
}
@article{boll1979suppression,
  title={Suppression of acoustic noise in speech using spectral subtraction},
  author={Boll, Steven},
  journal={IEEE Transactions on acoustics, speech, and signal processing},
  volume={27},
  number={2},
  pages={113--120},
  year={1979},
  publisher={IEEE}
}
%chapter4
@article{crump2017designing,
  title={Designing better frog call recognition models},
  author={Crump, Paul S and Houlahan, Jeff},
  journal={Ecology and evolution},
  volume={7},
  number={9},
  pages={3087--3099},
  year={2017},
  publisher={Wiley Online Library}
}
@inproceedings{kim2002cepstrum,
  title={Cepstrum-domain model combination based on decomposition of speech and noise for noisy speech recognition},
  author={Kim, Hong Kook and Rose, Richard C},
  booktitle={2002 IEEE International Conference on Acoustics, Speech, and Signal Processing},
  volume={1},
  pages={I--209},
  year={2002},
  organization={IEEE}
}
@techreport{sprengel2016audio,
  title={Audio based bird species identification using deep learning techniques},
  author={Sprengel, Elias and Jaggi, Martin and Kilcher, Yannic and Hofmann, Thomas},
  year={2016}
}
@article{nicolson2019deep,
  title={Deep Learning for Minimum Mean-Square Error Approaches to Speech Enhancement},
  author={Nicolson, Aaron and Paliwal, Kuldip K},
  journal={Speech Communication},
  year={2019},
  publisher={Elsevier}
}
@article{batdetect18,
  title={Bat detective‚ÄîDeep learning tools for bat acoustic signal detection},
  author={Mac Aodha, Oisin and Gibb, Rory and Barlow, Kate E and Browning, Ella and Firman, Michael and Freeman, Robin and Harder, Briana and Kinsey, Libby and Mead, Gary R and Newson, Stuart E and others},
  journal={PLoS computational biology},
  volume={14},
  number={3},
  pages={e1005995},
  year={2018},
  publisher={Public Library of Science}
}
@inproceedings{simard2003best,
  title={Best practices for convolutional neural networks applied to visual document analysis.},
  author={Simard, Patrice Y and Steinkraus, David and Platt, John C and others},
  booktitle={Icdar},
  volume={3},
  number={2003},
  year={2003}
}
@article{felzenszwalb2009object,
  title={Object detection with discriminatively trained part-based models},
  author={Felzenszwalb, Pedro F and Girshick, Ross B and McAllester, David and Ramanan, Deva},
  journal={IEEE transactions on pattern analysis and machine intelligence},
  volume={32},
  number={9},
  pages={1627--1645},
  year={2009},
  publisher={IEEE}
}
@inproceedings{girshick2014rich,
  title={Rich feature hierarchies for accurate object detection and semantic segmentation},
  author={Girshick, Ross and Donahue, Jeff and Darrell, Trevor and Malik, Jitendra},
  booktitle={Proceedings of the IEEE conference on computer vision and pattern recognition},
  pages={580--587},
  year={2014}
}s
@article{ruder2016overview,
  title={An overview of gradient descent optimization algorithms},
  author={Ruder, Sebastian},
  journal={arXiv preprint arXiv:1609.04747},
  year={2016}
}
@article{kingma2014adam,
  title={Adam: A method for stochastic optimization},
  author={Kingma, Diederik P and Ba, Jimmy},
  journal={arXiv preprint arXiv:1412.6980},
  year={2014}
}
@inproceedings{maas2013rectifier,
  title={Rectifier nonlinearities improve neural network acoustic models},
  author={Maas, Andrew L and Hannun, Awni Y and Ng, Andrew Y},
  booktitle={Proc. icml},
  volume={30},
  number={1},
  pages={3},
  year={2013}
}
@inproceedings{schluter2015exploring,
  title={Exploring Data Augmentation for Improved Singing Voice Detection with Neural Networks.},
  author={Schl{\"u}ter, Jan and Grill, Thomas},
  booktitle={ISMIR},
  pages={121--126},
  year={2015}
}
@article{park2019specaugment,
  title={Specaugment: A simple data augmentation method for automatic speech recognition},
  author={Park, Daniel S and Chan, William and Zhang, Yu and Chiu, Chung-Cheng and Zoph, Barret and Cubuk, Ekin D and Le, Quoc V},
  journal={arXiv preprint arXiv:1904.08779},
  year={2019}
}
@article{hermans2017defense,
  title={In defense of the triplet loss for person re-identification},
  author={Hermans, Alexander and Beyer, Lucas and Leibe, Bastian},
  journal={arXiv preprint arXiv:1703.07737},
  year={2017}
}